<record><leader>00000cas a22000007a 4500</leader><controlfield tag="001">9402425</controlfield><controlfield tag="008">830412d18661896mauwr ne      0    0eng d</controlfield><datafield ind1=" " ind2=" " tag="010"><subfield code="a">sn 83020552 </subfield></datafield><datafield ind1=" " ind2=" " tag="040"><subfield code="a">NPX</subfield><subfield code="b">eng</subfield><subfield code="c">NPX</subfield><subfield code="d">NPU</subfield><subfield code="d">NPY</subfield><subfield code="d">MGN</subfield><subfield code="d">KRTAS</subfield><subfield code="d">OCLCQ</subfield></datafield><datafield ind1=" " ind2=" " tag="042"><subfield code="a">msc</subfield></datafield><datafield ind1=" " ind2=" " tag="043"><subfield code="a">n-us-ma</subfield></datafield><datafield ind1="0" ind2="4" tag="245"><subfield code="a">The Hudson pioneer.</subfield></datafield><datafield ind1=" " ind2=" " tag="260"><subfield code="a">Hudson, Mass. :</subfield><subfield code="b">Charles A. Wood</subfield></datafield><datafield ind1=" " ind2=" " tag="300"><subfield code="a">v. ;</subfield><subfield code="c">56-61 cm.</subfield></datafield><datafield ind1=" " ind2=" " tag="310"><subfield code="a">Weekly</subfield></datafield><datafield ind1="1" ind2=" " tag="362"><subfield code="a">Began in 1866; ceased in 1896?</subfield></datafield><datafield ind1=" " ind2=" " tag="500"><subfield code="a">Publishers: W.W. Wood, &lt;1869&gt;; Wood, Stearns &amp; Co., &lt;1870-1871&gt;; Wood &amp; Rawson, &lt;1872-1874&gt;; H.W. Holman, &lt;1875&gt;; R.D. Pratt, &lt;1876&gt;.</subfield></datafield><datafield ind1=" " ind2=" " tag="500"><subfield code="a">Editors: W.W. Wood, &lt;1869&gt;; W.A. Start, &lt;1869&gt;; W.M. Wood, G. Stearns &amp; A.A. Wright, &lt;1870-1871&gt;; Wood &amp; Rawson, &lt;1872-1874&gt;; H.W. Holman, &lt;1875&gt;; R.D. Pratt, &lt;1876&gt;.</subfield></datafield><datafield ind1=" " ind2=" " tag="588"><subfield code="a">Description based on: Vol. 2, no. 8 (Mar. 31, 1866).</subfield></datafield><datafield ind1=" " ind2=" " tag="752"><subfield code="a">United States</subfield><subfield code="b">Massachusetts</subfield><subfield code="c">Middlesex</subfield><subfield code="d">Hudson.</subfield></datafield><datafield ind1="0" ind2="0" tag="780"><subfield code="t">Pioneer (Feltonville, Mass.)</subfield><subfield code="w">(DLC)sn 83020076</subfield></datafield><datafield ind1=" " ind2=" " tag="936"><subfield code="a">1876 Aug. 19</subfield></datafield><datafield ind1=" " ind2=" " tag="938"><subfield code="a">Kirtas Technologies, Inc.</subfield><subfield code="b">KRTS</subfield><subfield code="n">736487</subfield></datafield></record>